<?xml version="1.0" encoding="UTF-8"?><collection xmlns="http://www.loc.gov/MARC21/slim"><record><leader>00399nam--2200133-i-4500</leader><controlfield tag="001">000037158</controlfield><controlfield tag="002">20161230</controlfield><controlfield tag="005">20161230201041</controlfield><controlfield tag="008">060222s1000------------r-----000-0-eng-d</controlfield><datafield ind1=" " ind2=" " tag="080"><subfield code="a">51(076.1)</subfield></datafield><datafield ind1=" " ind2=" " tag="245"><subfield code="a">Probleme din gazeta matematica. editie selectiva si metodologica</subfield></datafield><datafield ind1=" " ind2=" " tag="260"><subfield code="a">Bucuresti, Ed.Tehnica, 1984, 544p</subfield></datafield><datafield ind1=" " ind2=" " tag="700"><subfield code="a">Teodorescu, Nicolae., Constantinescu, Alexandru.,/S.A.</subfield></datafield><datafield ind1=" " ind2=" " tag="852"><subfield code="a">71900</subfield></datafield></record></collection>